% Encoding: UTF-8

@InProceedings{MPR2018,
  author    = {Moore, Brandon and Pe\~{n}a, Lucas and Ro\c{s}u, Grigore},
  title     = {Program verification by coinduction},
  booktitle = {European Symposium on Programming (ESOP 2018)},
  year      = {2018},
  editor    = {Ahmed, Amal},
  volume    = {10801},
  series    = {Lecture Notes in Computer Science},
  pages     = {589--618},
  month     = apr,
  publisher = {Springer, Cham},
}

@Article{Ros2017,
  author  = {Ro\c{s}u, Grigore},
  title   = {Matching logic},
  journal = {Logical Methods in Computer Science},
  year    = {2017},
  volume  = {13},
  number  = {4},
  pages   = {1--61},
  month   = dec,
}

@InProceedings{SPY+2016,
  author    = {Stef\u{a}nescu, Andrei and Park, Daejun and Yuwen, Shijiao and Li, Yilong and Ro\c{s}u, Grigore},
  title     = {Semantics-based program verifiers for all languages},
  booktitle = {ACM SIGPLAN International Conference on Object-Oriented Programming, Systems, Languages, and Applications (OOPSLA 2016)},
  year      = {2016},
  pages     = {74--91},
  month     = nov,
  publisher = {ACM},
}

@InProceedings{Ros2016,
  author    = {Ro\c{s}u, Grigore},
  title     = {Finite-trace linear temporal logic: coinductive completeness},
  booktitle = {International Conference on Runtime Verification (RV 2016)},
  year      = {2016},
  editor    = {Falcone, Yli{\`e}s and S{\'a}nchez, C{\'e}sar},
  volume    = {10012},
  series    = {Lecture Notes in Computer Science},
  pages     = {333--350},
  month     = sep,
  publisher = {Springer, Cham},
}

@InProceedings{HSZ+2018,
  author        = {Hildenbrandt, Everett and Saxena, Manasvi and Zhu, Xiaoran and Rodrigues, Nishant and Daian, Philip and Guth, Dwight and Moore, Brandon and Zhang, Yi and Park, Daejun and Ro\c{s}u, Grigore},
  title         = {{KEVM}: a complete semantics of the {E}thereum virtual machine},
  booktitle     = {IEEE Computer Security Foundations Symposium (CSF 2018)},
  year          = {2018},
  month         = jul,
  __markedentry = {[xc:1]},
}

@Comment{jabref-meta: databaseType:bibtex;}
